<record><leader>00000cas a22000007a 4500</leader><controlfield tag="001">11625769</controlfield><controlfield tag="008">850128d198u1986njuwr ne      0   a0eng d</controlfield><datafield ind1=" " ind2=" " tag="010"><subfield code="a">sn 85000358 </subfield></datafield><datafield ind1=" " ind2=" " tag="040"><subfield code="a">NSD</subfield><subfield code="b">eng</subfield><subfield code="c">NSD</subfield><subfield code="d">NJW</subfield><subfield code="d">OCLCQ</subfield></datafield><datafield ind1=" " ind2=" " tag="012"><subfield code="m">d</subfield></datafield><datafield ind1="1" ind2=" " tag="022"><subfield code="a">8750-6475</subfield><subfield code="l">8750-6475</subfield><subfield code="2">1</subfield></datafield><datafield ind1=" " ind2=" " tag="037"><subfield code="b">Cam-Glo Newspapers, P.O. Box 67, Blackwood, NJ 08012</subfield></datafield><datafield ind1=" " ind2=" " tag="042"><subfield code="a">nsdp</subfield></datafield><datafield ind1=" " ind2="0" tag="222"><subfield code="a">Record-observer including the Town-crier &amp; herald</subfield></datafield><datafield ind1="0" ind2="0" tag="245"><subfield code="a">Record-observer including the Town-crier &amp; herald.</subfield></datafield><datafield ind1="3" ind2="0" tag="246"><subfield code="a">Record observer including the Town crier and herald</subfield></datafield><datafield ind1="3" ind2="0" tag="246"><subfield code="a">Record observer</subfield></datafield><datafield ind1="3" ind2="0" tag="246"><subfield code="a">Town crier &amp; herald</subfield></datafield><datafield ind1="3" ind2="0" tag="246"><subfield code="a">Town crier and herald</subfield></datafield><datafield ind1=" " ind2=" " tag="260"><subfield code="a">Clementon, N.J. :</subfield><subfield code="b">Cam-Glo Newspapers</subfield></datafield><datafield ind1=" " ind2=" " tag="310"><subfield code="a">Weekly</subfield></datafield><datafield ind1=" " ind2=" " tag="580"><subfield code="a">Split into: Record-breeze, and: Observer (Clementon, N.J. : 1986).</subfield></datafield><datafield ind1=" " ind2=" " tag="588"><subfield code="a">Description based on: Vol. 65, no. 2 (Jan. 10, 1985).</subfield></datafield><datafield ind1=" " ind2=" " tag="752"><subfield code="a">United States</subfield><subfield code="b">New Jersey</subfield><subfield code="c">Camden</subfield><subfield code="d">Clementon.</subfield></datafield><datafield ind1="0" ind2="0" tag="780"><subfield code="t">Observer (Clementon, N.J.)</subfield></datafield><datafield ind1="1" ind2="6" tag="785"><subfield code="t">Record-breeze</subfield><subfield code="w">(DLC)sn 88071051</subfield></datafield><datafield ind1="1" ind2="6" tag="785"><subfield code="t">Observer (Clementon, N.J. : 1986)</subfield><subfield code="x">0889-6097</subfield><subfield code="w">(DLC)sn 86010169</subfield><subfield code="w">(OCoLC)13944327</subfield></datafield></record>